@article{mckay2014practical,
  title={Practical graph isomorphism, II},
  author={McKay, Brendan D and Piperno, Adolfo},
  journal={Journal of Symbolic Computation},
  volume={60},
  pages={94--112},
  year={2014},
  publisher={Elsevier}
}
@inproceedings{mendivelso2013solving,
  title={Solving graph isomorphism using parameterized matching},
  author={Mendivelso, Juan and Kim, Sunghwan and Elnikety, Sameh and He, Yuxiong and Hwang, Seung-won and Pinz{\'o}n, Yoan},
  booktitle={String Processing and Information Retrieval},
  pages={230--242},
  year={2013},
  organization={Springer}
}
@ARTICLE {exprandgraphframework,
    author  = "Marijte A.J. van Duijn and Krista J. Gile and Mark S. Handcock",
    title   = "A Framework for the Comparison of Maximum Pseudo Likelihood and Maximum Likelihood Estimation of Exponential Family Random Graph Models",
    journal = "Social Networks",
    year    = "2009"
}
@article{gamkrelidze2012new,
  title={New Invariants for the Graph Isomorphism Problem},
  author={Gamkrelidze, Alexander and Hotz, Gunter and Varamashvili, Levan},
  journal={arXiv preprint arXiv:1212.3055},
  year={2012}
}
@ARTICLE {scalefreergs,
    author  = "B. Bollobas",
    title   = "Mathematical results on scale-free random graphs",
    journal = "Handbook of Graphs and Networks",
    year    = "2003"
}
@ARTICLE {understandingexprgm,
    author  = "Sourav Chatterjee  and Persi Diaconis",
    title   = "Estimating and Understanding Exponential Random Graph Models",
    journal = "The Annals of Statistics",
    year    = "2013",
    volume  = "41",
    number  = "5",
    pages   = "2428?2461"
}
@PHDTHESIS {katonazsolt2006,
    author = "Katona Zsolt",
    title  = "Random Graph Models",
    school = "Eotvos Lorand University, Hungary",
    year   = "2006"
}
@MISC {snijders2002,
    author = "Snijders, Tom AB",
    title  = "Markov Chain Monte Carlo Estimation of Exponential Random Graph Models",
    year   = "2002"
}
@ARTICLE {socialnetworks2002,
    author  = "M. E. J. Newman, D. J. Watts and S. H. Strogatz",
    title   = "Random Graph Models of Social Networks",
    journal = "Proceedings of the National Academy of Sciences of the United States of America",
    year    = "2002",
    month   = "feb",
    note    = "http://www.jstor.org/stable/3057594"
}
@ARTICLE {newspecsergs,
    author  = "Tom A. B. Snijders and Philippa E. Pattison and Garry L. Robins and Mark S. Handcock",
    title   = "New Specifications for Exponential Random Graph Models",
    journal = "Center for Statistics and the Social Sciences",
    year    = "2004",
    month   = "apr"
}
@ONLINE {oeis,
    author = "Online Encyclopedia of Integer Sequences",
    title  = "Number of graphs on n unlabeled nodes",
    url    = "http://oeis.org/A000088"
}
@ONLINE {oeisbig,
    author = "Keith M. Briggs",
    title  = "Number of unlabeled undirected graphs up to 75 vertices",
    url    = "http://oeis.org/A000088/b000088.txt"
}
@ARTICLE {whirlwind,
    author  = "A whirlwind tour of random graphs",
    title   = "Fan Chung",
    journal = "UCSD",
    year    = "2008"
}
@ARTICLE {algstats,
    author  = "Sonja Petrovic and Alessandro Rinaldo and Stephen E. Fienberg",
    title   = "Algebraic Statistics for a Directed Random Graph Model with Reciprocation",
    journal = "Contemporary Mathematics",
    year    = "2010",
    volume  = "516"
}
@UNPUBLISHED {Cameron,
    author = "Peter J Cameron",
    title  = "Automorphisms of graphs",
    note   = "Queen Mary, University of London",
    month  = "apr",
    year   = "2001"
}
@ARTICLE {improved,
    author  = "Tomek Czajka and Gopal Pandurangan",
    title   = "Improved Random Graph Isomorphism",
    journal = "Department of Computer Science, Perdue",
    year    = "2015"
}
@ARTICLE {erdosreyni,
    author  = "P. Erdos and A. Reyni",
    title   = "On Random Graphs I.",
    journal = "Publicationes Mathematicae",
    year    = "1959",
    volume  = "6"
}
@ARTICLE {spectralmatching,
    author  = "Marcelo Fiori and Guillermo Sapiro",
    title   = "On spectral properties for graph matching and graph isomorphism problems",
    journal = "ARXIV",
    year    = "2014"
}
@ARTICLE {randomgraphisomorphism,
    author  = "Laslo Babai and Paul Erdos and Stanley M Selkow",
    title   = "Random Graph Isomorphism",
    journal = "SIAM Computing",
    year    = "1980",
    volume  = "9",
    number  = "3"
}
@BOOK {complexnetworks,
    author    = "Remco van der Hofstad",
    title     = "Random Graphs and Complex Networks",
    publisher = "Eindhoven University of Technology",
    year      = "2016",
    volume    = "1",
    month     = "feb"
}
@ARTICLE {smallgraphs,
    author  = "Brendan D McKay",
    title   = "Small Graphs are Reconstructible",
    journal = "Australasian Journal of Combinatorics",
    year    = "1997",
    volume  = "15"
}
@ARTICLE {isosubgraphs,
    author  = "Jin Akiyama",
    title   = "The graphs with all induced subgraphs isomorphic",
    journal = "THE BULLETIN OF THE MALAYSIAN MATHEMATICAL SOCIETY",
    year    = "1979",
    volume  = "2"
}
@ARTICLE {eigenspaces,
    author  = "Dragos Cvetkovic and Peter Rowlinson and Slobodan Simic",
    title   = "A Study of the Eigenspaces of Graphs",
    journal = "Linear Algebra and its Applications",
    year    = "1992"
}
@UNPUBLISHED {virginiawilliams2015,
    author = "Virginia Williams",
    title  = "Algorithms for Fixed Subgraph Isomorphism",
    note   = "CS267 Lecture 1",
    month  = "jan",
    year   = "2015"
}
@ARTICLE {nydl2001,
    author  = "Václav Nýdl",
    title   = "Graph reconstruction from subgraphs",
    journal = "DISCRETE MATHEMATICS",
    year    = "2001",
    month   = "may"
}
@book{kobler1993graph,
  title={The Graph Isomorphism Problem: Its Structural Complexity},
  author={Kobler, J. and Sch{\"o}ning, U. and Toran, J.},
  isbn={9780817636807},
  lccn={93022011},
  series={Progress in Theoretical Computer Science},
  url={https://books.google.com/books?id=LubgTbRHBikC},
  year={1993},
  publisher={Birkh{\"a}user Boston}
}
@book{erdos1974,
  title={Probabilistic Methods in Combinatorics},
  author={Erdos, P. and Spencer, J.H.},
  isbn={9780122409608},
  lccn={lc72009420},
  series={Probability and Mathematical Statistics: a Series of Monographs and Textbooks},
  url={https://books.google.com/books?id=maazQgAACAAJ},
  year={1974},
  publisher={Academic Press}
}
@book{bollobas2013modern,
  title={Modern Graph Theory},
  author={Bollobas, B.},
  isbn={9781461206194},
  lccn={98011960},
  series={Graduate Texts in Mathematics},
  url={https://books.google.com/books?id=JeIlBQAAQBAJ},
  year={2013},
  publisher={Springer New York}
}
@book{1961groups,
  title={Groups and Their Graphs},
  series={New mathematical library},
  url={https://books.google.com/books?id=KqYNAQAAIAAJ},
  year={1961},
  publisher={Yale University}
}
@book{harary1969graph,
  title={Graph Theory},
  author={Harary, F.},
  lccn={69019989},
  series={Addison-Wesley series in mathematics},
  url={https://books.google.com/books?id=6CfEjgEACAAJ},
  year={1969},
  publisher={Addison-Wesley Publishing Company}
}
@book{christofides1975graph,
  title={Graph Theory: An Algorithmic Approach},
  author={Christofides, N.},
  isbn={9780121743505},
  lccn={74005664},
  series={Computer Science and Applied Mathematics},
  url={https://books.google.com/books?id=pN9QAAAAMAAJ},
  year={1975},
  publisher={Academic Press, Incorporated}
}
@book{tucker2012applied,
  title={Applied Combinatorics, 6th Edition},
  author={Tucker, A.},
  isbn={9781118210116},
  url={https://books.google.com/books?id=hdgbAAAAQBAJ},
  year={2012},
  publisher={Wiley}
}
@book{2009introduction,
  title={An Introduction to the Theory of Graph Spectra},
  author={Cvetkovi{\'c}, D. and Rowlinson, P. and Simi{\'c}, S.},
  isbn={9780521118392},
  lccn={2010287575},
  series={London Mathematical Society Student Texts},
  url={https://books.google.com/books?id=h6lePgAACAAJ},
  year={2009},
  publisher={Cambridge University Press}
}
@book{biggs1993algebraic,
  title={Algebraic Graph Theory},
  author={Biggs, N.},
  isbn={9780521458979},
  lccn={73086042},
  series={Cambridge Mathematical Library},
  url={https://books.google.com/books?id=6TasRmIFOxQC},
  year={1993},
  publisher={Cambridge University Press}
}