@book{kobler1993graph,
  title={The Graph Isomorphism Problem: Its Structural Complexity},
  author={Kobler, J. and Sch{\"o}ning, U. and Toran, J.},
  isbn={9780817636807},
  lccn={93022011},
  series={Progress in Theoretical Computer Science},
  url={https://books.google.com/books?id=LubgTbRHBikC},
  year={1993},
  publisher={Birkh{\"a}user Boston}
}
@book{erdős1974probabilistic,
  title={Probabilistic Methods in Combinatorics},
  author={Erd{\H{o}}s, P. and Spencer, J.H.},
  isbn={9780122409608},
  lccn={lc72009420},
  series={Probability and Mathematical Statistics: a Series of Monographs and Textbooks},
  url={https://books.google.com/books?id=maazQgAACAAJ},
  year={1974},
  publisher={Academic Press}
}
@book{bollobas2013modern,
  title={Modern Graph Theory},
  author={Bollobas, B.},
  isbn={9781461206194},
  lccn={98011960},
  series={Graduate Texts in Mathematics},
  url={https://books.google.com/books?id=JeIlBQAAQBAJ},
  year={2013},
  publisher={Springer New York}
}
@book{1961groups,
  title={Groups and Their Graphs},
  series={New mathematical library},
  url={https://books.google.com/books?id=KqYNAQAAIAAJ},
  year={1961},
  publisher={Yale University}
}
@book{harary1969graph,
  title={Graph Theory},
  author={Harary, F.},
  lccn={69019989},
  series={Addison-Wesley series in mathematics},
  url={https://books.google.com/books?id=6CfEjgEACAAJ},
  year={1969},
  publisher={Addison-Wesley Publishing Company}
}
@book{christofides1975graph,
  title={Graph Theory: An Algorithmic Approach},
  author={Christofides, N.},
  isbn={9780121743505},
  lccn={74005664},
  series={Computer Science and Applied Mathematics},
  url={https://books.google.com/books?id=pN9QAAAAMAAJ},
  year={1975},
  publisher={Academic Press, Incorporated}
}
@book{tucker2012applied,
  title={Applied Combinatorics, 6th Edition},
  author={Tucker, A.},
  isbn={9781118210116},
  url={https://books.google.com/books?id=hdgbAAAAQBAJ},
  year={2012},
  publisher={Wiley}
}
@book{cvetković2009introduction,
  title={An Introduction to the Theory of Graph Spectra},
  author={Cvetkovi{\'c}, D. and Rowlinson, P. and Simi{\'c}, S.},
  isbn={9780521118392},
  lccn={2010287575},
  series={London Mathematical Society Student Texts},
  url={https://books.google.com/books?id=h6lePgAACAAJ},
  year={2009},
  publisher={Cambridge University Press}
}
@book{biggs1993algebraic,
  title={Algebraic Graph Theory},
  author={Biggs, N.},
  isbn={9780521458979},
  lccn={73086042},
  series={Cambridge Mathematical Library},
  url={https://books.google.com/books?id=6TasRmIFOxQC},
  year={1993},
  publisher={Cambridge University Press}
}
